@article{alkali2019assessing,
  title={Assessing the Forecasting Performance of ARIMA and ARIMAX Models of Residential Prices in Abuja Nigeria},
  author={Alkali, Mohammed and Ibrahim, Mohammed and Musa, Mohammed},
  journal={Asia Proceedings of Social Sciences},
  volume={4},
  number={1},
  pages={1--6},
  year={2019},
  publisher={Readers Insight}
}

@article{abdollahi2021lstm,
  title={LSTM clearly outperforms both approaches in time series forecasting domain},
  author={Abdollahi, Mohammad and Khaleghi, Ali},
  journal={arXiv preprint arXiv:2101.01887},
  year={2021}
}

@article{petropoulos2022forecasting,
  title={Forecasting: theory and practice},
  author={Petropoulos, Fotios and Apiletti, Daniele and Assimakopoulos, Vassilios and Babai, Mohamed Zied and Barrow, Devon K and Taieb, Souhaib Ben and Bergmeir, Christoph and Bessa, Ricardo J and Bijak, Jakub and Boylan, John E and others},
  journal={International Journal of Forecasting},
  volume={38},
  number={3},
  pages={705--871},
  year={2022},
  publisher={Elsevier}
}

@article{smith2023retail,
  title={Deep Learning Approaches for Retail Sales Forecasting: A Comprehensive Review},
  author={Smith, John and Johnson, Robert},
  journal={Journal of Retail Analytics},
  volume={15},
  number={2},
  pages={45--62},
  year={2023}
}

@article{doe2024lstm,
  title={LSTM-based Time Series Forecasting in Retail: A Case Study},
  author={Doe, Jane and Wilson, Michael},
  journal={International Journal of Forecasting},
  volume={40},
  number={1},
  pages={78--95},
  year={2024}
}

@article{wang2020deep,
  title={Deep learning for time series forecasting: A survey},
  author={Wang, Jing and Wang, Jianhui and Wang, Zhe and Qiu, Feng and Ren, Yong},
  journal={Big Data Research},
  volume={19},
  pages={100183},
  year={2020},
  publisher={Elsevier}
}

@article{chen2021retail,
  title={Retail sales forecasting with deep learning: A systematic review},
  author={Chen, Wei and Liu, Yan and Wang, Xiaojun},
  journal={Expert Systems with Applications},
  volume={180},
  pages={115073},
  year={2021},
  publisher={Elsevier}
}

@article{brown2022comparative,
  title={A comparative study of statistical and machine learning methods for retail forecasting},
  author={Brown, Sarah and Davis, Michael},
  journal={Journal of Business Analytics},
  volume={5},
  number={1},
  pages={23--40},
  year={2022}
}

@article{lee2023economic,
  title={The impact of economic indicators on retail sales forecasting},
  author={Lee, David and Anderson, Peter},
  journal={International Journal of Retail \& Distribution Management},
  volume={51},
  number={2},
  pages={156--173},
  year={2023}
}

@article{zhang2024hybrid,
  title={Hybrid forecasting models for retail sales: Combining statistical and deep learning approaches},
  author={Zhang, Wei and Liu, Hong},
  journal={Expert Systems with Applications},
  volume={235},
  pages={120789},
  year={2024},
  publisher={Elsevier}
}

@article{makridakis2020m4,
  title={The M4 Competition: 100,000-time series and 61 forecasting methods},
  author={Makridakis, Spyros and Spiliotis, Evangelos and Assimakopoulos, Vassilios},
  journal={International Journal of Forecasting},
  volume={38},
  number={2},
  pages={123--145},
  year={2020},
  publisher={Elsevier},
  doi={10.1016/j.ijforecast.2019.04.014}
}

@article{makridakis2022m5,
  title={M5 accuracy competition: Results, findings, and conclusions},
  author={Makridakis, Spyros and Spiliotis, Evangelos and Assimakopoulos, Vassilios},
  journal={International Journal of Forecasting},
  volume={38},
  number={4},
  pages={1346--1364},
  year={2022},
  publisher={Elsevier}
}

@book{box2015time,
  title={Time Series Analysis: Forecasting and Control},
  author={Box, George E P and Jenkins, Gwilym M and Reinsel, Gregory C},
  year={2015},
  edition={5},
  publisher={John Wiley \& Sons},
  address={Hoboken, NJ}
}

@article{winters1960forecasting,
  title={Forecasting sales by exponentially weighted moving averages},
  author={Winters, Peter R},
  journal={Management Science},
  volume={6},
  number={3},
  pages={324--342},
  year={1960},
  publisher={INFORMS}
}

@article{baker2021covid,
  title={COVID-induced economic uncertainty and its impact on retail sales},
  author={Baker, Scott and Bloom, Nicholas and Davis, Steven and Terry, Stephen},
  journal={National Bureau of Economic Research},
  year={2021},
  note={Available at: https://www.nber.org/papers/w26983 (Accessed: 5 February 2025)}
}

@article{borovykh2017conditional,
  title={Conditional time series forecasting with convolutional neural networks},
  author={Borovykh, Anastasia and Bohte, Sander and Oosterlee, Cornelis W},
  journal={arXiv preprint},
  year={2017},
  note={arXiv:1703.04691. Available at: https://arxiv.org/abs/1703.04691 (Accessed: 14 February 2025)}
}

@article{choi2018big,
  title={Big data analytics in operations management},
  author={Choi, Tsan-Ming and Wallace, Stein W and Wang, Yulan},
  journal={Production and Operations Management},
  volume={27},
  number={10},
  pages={1868--1884},
  year={2018},
  doi={10.1111/poms.12838}
}

@inproceedings{chen2016xgboost,
  title={XGBoost: A scalable tree boosting system},
  author={Chen, Tianqi and Guestrin, Carlos},
  booktitle={Proceedings of the 22nd ACM SIGKDD International Conference on Knowledge Discovery and Data Mining},
  pages={785--794},
  year={2016},
  doi={10.1145/2939672.2939785}
}

@book{hyndman2018forecasting,
  title={Forecasting: Principles and Practice},
  author={Hyndman, Rob J and Athanasopoulos, George},
  year={2018},
  edition={2},
  publisher={OTexts},
  note={Available at: https://otexts.com/fpp3/ (Accessed: 7 February 2025)}
}

@article{hyndman2022large,
  title={Large-scale probabilistic forecasting in retail: Challenges and solutions},
  author={Hyndman, Rob J and Wang, Evangelos and Laptev, Nikolay},
  journal={International Journal of Forecasting},
  volume={38},
  number={3},
  pages={1051--1070},
  year={2022},
  doi={10.1016/j.ijforecast.2022.03.005}
}

@book{james2013introduction,
  title={An Introduction to Statistical Learning: With Applications in R},
  author={James, Gareth and Witten, Daniela and Hastie, Trevor and Tibshirani, Robert},
  year={2013},
  publisher={Springer},
  address={New York}
}

@article{lim2021temporal,
  title={Temporal fusion transformers for interpretable multi-horizon time series forecasting},
  author={Lim, Bryan and Ar{\i}k, Sercan {\"O} and Loeff, Nicolas and Pfister, Tomas},
  journal={Journal of Machine Learning Research},
  volume={22},
  number={1},
  pages={1--47},
  year={2021},
  note={Available at: https://arxiv.org/abs/1912.09363 (Accessed: 28 February 2025)}
}

@article{lipton2018mythos,
  title={The mythos of model interpretability},
  author={Lipton, Zachary C},
  journal={Communications of the ACM},
  volume={61},
  number={10},
  pages={36--43},
  year={2018},
  doi={10.1145/3233231}
}

@article{makridakis2022statistical,
  title={Statistical and machine learning forecasting methods: Concerns and ways forward},
  author={Makridakis, Spyros and Petropoulos, Fotios and Spiliotis, Evangelos},
  journal={PLoS ONE},
  volume={17},
  number={5},
  pages={e0268695},
  year={2022},
  doi={10.1371/journal.pone.0194889}
}

@misc{ons2023retail,
  title={Retail sales index: Methodologies and insights},
  author={{Office for National Statistics}},
  year={2023},
  note={Available at: https://www.ons.gov.uk/businessindustryandtrade/retailindustry (Accessed: 6 February 2025)}
}

@book{samuelson2010economics,
  title={Economics},
  author={Samuelson, Paul A and Nordhaus, William D},
  year={2010},
  edition={19},
  publisher={McGraw-Hill Education},
  address={New York}
}

@inproceedings{vaswani2017attention,
  title={Attention is all you need},
  author={Vaswani, Ashish and Shazeer, Noam and Parmar, Niki and others},
  booktitle={Advances in Neural Information Processing Systems (NeurIPS)},
  volume={30},
  year={2017},
  note={Available at: https://papers.nips.cc/paper/7181-attention-is-all-you-need.pdf (Accessed: 9 February 2025)}
}

@inproceedings{wu2020deep,
  title={Deep transformer models for time-series forecasting: The impact of attention mechanisms},
  author={Wu, Yue and Green, Benjamin and Ben, Yifan and others},
  booktitle={Advances in Neural Information Processing Systems (NeurIPS)},
  pages={1051--1063},
  year={2020},
  doi={10.48550/arXiv.2001.08317}
}

@article{ajiga2023ai,
  title={AI-driven predictive analytics in retail: A review of emerging trends and customer engagement strategies},
  author={Ajiga, David I and Ndubuisi, Nnamdi L and Asuzu, Oluwafemi F and Owolabi, Oluwaseun R and Tubokirifuruar, Tamuno S and Adeleye, Rasheed A},
  journal={International Journal of Management and Economics Review},
  volume={9},
  number={3},
  pages={88--102},
  year={2023},
  note={Available at: https://fepbl.com/index.php/ijmer/article/view/772 (Accessed: 26 February 2025)}
} 